@book{cormen2001introduction,
    title={Introduction To Algorithms},
    author={Cormen, T.H. and Leiserson, C.E. and Rivest, R.L. and Stein, C.},
    isbn={9780262032933},
    lccn={00103127},
    series={Mit Electrical Engineering and Computer Science},
    url={https://books.google.it/books?id=NLngYyWFl_YC},
    year={2001},
    publisher={MIT Press}
}